@article{scikit,
 title={Scikit-learn: Machine Learning in {P}ython},
 author={Pedregosa, F. and Varoquaux, G. and Gramfort, A. and Michel, V.
         and Thirion, B. and Grisel, O. and Blondel, M. and Prettenhofer, P.
         and Weiss, R. and Dubourg, V. and Vanderplas, J. and Passos, A. and
         Cournapeau, D. and Brucher, M. and Perrot, M. and Duchesnay, E.},
 journal={Journal of Machine Learning Research},
 volume={12},
 pages={2825--2830},
 year={2011}
}

@article{IDH,
  title={IDH1 and IDH2 mutations in gliomas},
  author={Yan, Hai and Parsons, D Williams and Jin, Genglin and McLendon, Roger and Rasheed, B Ahmed and Yuan, Weishi and Kos, Ivan and Batinic-Haberle, Ines and Jones, Si{\^a}n and Riggins, Gregory J and others},
  journal={New England journal of medicine},
  volume={360},
  number={8},
  pages={765--773},
  year={2009},
  publisher={Mass Medical Soc}
}

@inproceedings{macqueen,
  title={Some methods for classification and analysis of multivariate observations},
  author={MacQueen, James and others},
  booktitle={Proceedings of the fifth Berkeley symposium on mathematical statistics and probability},
  volume={1},
  number={14},
  pages={281--297},
  year={1967},
  organization={Oakland, CA, USA}
}

@article{cellsubsets,
  title={Molecular profiling reveals biologically discrete subsets and pathways of progression in diffuse glioma},
  author={Ceccarelli, Michele and Barthel, Floris P and Malta, Tathiane M and Sabedot, Thais S and Salama, Sofie R and Murray, Bradley A and Morozova, Olena and Newton, Yulia and Radenbaugh, Amie and Pagnotta, Stefano M and others},
  journal={Cell},
  volume={164},
  number={3},
  pages={550--563},
  year={2016},
  publisher={Elsevier}
}

@online{mayoglioma,
  author = {Mayo Clinic Staff},
  title = {Glioma},
  url = {https://www.mayoclinic.org/diseases-conditions/glioma/symptoms-causes/syc-20350251},
  urldate = {2020-31-12}
}

@online{nihglioma,
  author = {NIH - Genetic and Rare Disseases Information Center},
  title = {Glioma},
  year = 2015,
  url = {https://rarediseases.info.nih.gov/diseases/6513/glioma},
  urldate = {2020-31-12}
}

@online{hopkinsglioma,
  author = {Johns Hopkins Medicine},
  title = {Gliomas},
  url = {https://www.hopkinsmedicine.org/health/conditions-and-diseases/gliomas#:~:text=The%20treatment%20for%20a%20glioma,tumor's%20growth%20potential%20and%20aggressiveness.},
  urldate = {2020-31-12}
}
