@article{test,
author = {author},
title = {title},
journaltitle = {â€¢},
year = {year},
}